@inproceedings{lasota2014toward,
	title={Toward safe close-proximity human-robot interaction with standard industrial robots},
	author={Lasota, Przemyslaw A and Rossano, Gregory F and Shah, Julie A},
	booktitle={Automation Science and Engineering (CASE), 2014 IEEE International Conference on},
	pages={339--344},
	year={2014},
	organization={IEEE}
}

@article{boehm1988spiral,
	title={A spiral model of software development and enhancement},
	author={Boehm, Barry W.},
	journal={Computer},
	volume={21},
	number={5},
	pages={61--72},
	year={1988},
	publisher={IEEE}
}

@article{brown1994human,
	title={Human factors: the journal of the human factors and ergonomics society},
	author={Brown, I},
	journal={Driver Fatigue},
	volume={36},
	pages={298--314},
	year={1994}
}

@article{tadele2014safety,
	title={The safety of domestic robotics: A survey of various safety-related publications},
	author={Tadele, Tadele Shiferaw and de Vries, Theo and Stramigioli, Stefano},
	journal={IEEE robotics \& automation magazine},
	volume={21},
	number={3},
	pages={134--142},
	year={2014},
	publisher={IEEE}
}

@inproceedings{ju2014kinematics,
	title={Kinematics modeling and experimental verification of baxter robot},
	author={Ju, Zhangfeng and Yang, Chenguang and Ma, Hongbin},
	booktitle={Control Conference (CCC), 2014 33rd Chinese},
	pages={8518--8523},
	year={2014},
	organization={IEEE}
}

@article{dario2001humanoids,
	title={Humanoids and personal robots: Design and experiments},
	author={Dario, Paolo and Guglielmelli, Eugenio and Laschi, Cecilia},
	journal={Journal of Field Robotics},
	volume={18},
	number={12},
	pages={673--690},
	year={2001},
	publisher={Wiley Online Library}
}

@inproceedings{reardon2015towards,
	title={Towards safe robot-human collaboration systems using human pose detection},
	author={Reardon, Christopher and Tan, Huan and Kannan, Balajee and DeRose, Lynn},
	booktitle={Technologies for Practical Robot Applications (TePRA), 2015 IEEE International Conference on},
	pages={1--6},
	year={2015},
	organization={IEEE}
}

@misc{Robotic,
	author = "Adam Currie",
	title = "\url{https://web.archive.org/web/20060718024255/http://www.faculty.ucr.edu/~currie/roboadam.htm}",
	year = "Consultado en Mayo de 2018"
}

@misc{Baxter,
	author = "Rethink Robotics",
	title = "\url{https://www.rethinkrobotics.com/baxter/}",
	year = "Consultado en Mayo de 2018"
}

@misc{Baxter2,
	author = "Rethink Robotics",
	title = "\url{http://sdk.rethinkrobotics.com/wiki/Robot}",
	year = "Consultado en Mayo de 2018"
}

@misc{Baxter3,
	author = "Rethink Robotics",
	title = "\url{http://sdk.rethinkrobotics.com/wiki/Camera_Control_Tool}",
	year = "Consultado en Mayo de 2018"
}

@misc{Baxter4,
	author = "Rethink Robotics",
	title = "\url{http://sdk.rethinkrobotics.com/wiki/Arms}",
	year = "Consultado en Mayo de 2018"
}

@misc{AN,
	author = "Steven M. Lavalle, Cambridge University Press",
	title = "\url{http://planning.cs.uiuc.edu/node102.html}",
	year = "Consultado en Mayo de 2018"
}

@misc{ROS,
	title = "\url{http://wiki.ros.org/ROS/Introduction}",
	year = "Consultado en Mayo de 2018"
}

@misc{ROS2,
	title = "\url{http://www.ros.org/about-ros/}",
	year = "Consultado en Mayo de 2018"
}

@misc{ROS3,
	title = "\url{http://wiki.ros.org/ROS/Concepts}",
	year = "Consultado en Mayo de 2018"
}

@misc{moveit,
	title = "\url{https://moveit.ros.org/}",
	year = "Consultado en Mayo de 2018"
}

@misc{moveitfaq,
	title = "\url{http://moveit.ros.org/documentation/faqs/}",
	year = "Consultado en Mayo de 2018"
}

@misc{rviz,
	title = "\url{http://wiki.ros.org/rviz}",
	year = "Consultado en Mayo de 2018"
}

@misc{robots,
	author = "RobotWorx",
	title = "\url{https://www.robots.com/faq/how-much-do-industrial-robots-cost}",
	year = "Consultado en Mayo de 2018"
}

@misc{models,
	author = "Rethink Robotics",
	title = "\url{http://sdk.rethinkrobotics.com/wiki/URDF}",
	year = "Consultado en Mayo de 2018"
}

@misc{models2,
	author = "ROS Wiki",
	title = "\url{http://wiki.ros.org/urdf}",
	year = "Consultado en Mayo de 2018"
}

@misc{cu,
	author = "Miguel Vega",
	title = "\url{https://lsi.ugr.es/~mvega/docis/casos%20de%20uso.pdf}",
	year = "Consultado en mayo de 2018"
}

@misc{smooth,
	author = "OpenCV Doc",
	title = "\url{https://docs.opencv.org/2.4/modules/imgproc/doc/filtering.html}",
	year = "Consultado en mayo de 2018"
}

@misc{erode,
	author = "OpenCV Doc",
	title = "\url{https://docs.opencv.org/2.4/doc/tutorials/imgproc/erosion_dilatation/erosion_dilatation.html}",
	year = "Consultado en mayo de 2018"
}

@misc{models3,
	author = "Joseph Lentin",
	title = "Mastering ROS for Robotics Programming",
	year = "Consultado en mayo de 2018"
}

@article{powers2011evaluation,
	title={Evaluation: from precision, recall and F-measure to ROC, informedness, markedness and correlation},
	author={Powers, David Martin},
	year={2011},
	publisher={Bioinfo Publications}
}

@article{pr,
	title={How can precision-recall curves help evaluate your model?},
	author={Levi Thatcher},
	year={2018},	
}

@article{scikit-learn,
	title={Scikit-learn: Machine Learning in {P}ython},
	author={Pedregosa, F. and Varoquaux, G. and Gramfort, A. and Michel, V.
	and Thirion, B. and Grisel, O. and Blondel, M. and Prettenhofer, P.
	and Weiss, R. and Dubourg, V. and Vanderplas, J. and Passos, A. and
	Cournapeau, D. and Brucher, M. and Perrot, M. and Duchesnay, E.},
	journal={Journal of Machine Learning Research},
	volume={12},
	pages={2825--2830},
	year={2011}
}

@misc{thpy,
	author = "Saurabh Khanduja",
	title = "\url{https://github.com/saurabheights/IPExperimentTools/blob/master/AnalyzeHSV/hsvThresholder.py}",
	year = "Consultado en mayo de 2018"
}

@misc{maik,
	author = "Maik Heufekes",
	title = "\url{https://github.com/cvr-lab/baxter_pick_and_place}",
	year = "Consultado en mayo de 2018"
}

@article{hartigan1979algorithm,
	title={Algorithm AS 136: A k-means clustering algorithm},
	author={Hartigan, John A and Wong, Manchek A},
	journal={Journal of the Royal Statistical Society. Series C (Applied Statistics)},
	volume={28},
	number={1},
	pages={100--108},
	year={1979},
	publisher={JSTOR}
}

@misc{robmark,
	author = "ResearchAndMarkets",
	title = "\url{https://globenewswire.com/news-release/2018/05/01/1493768/0/en/Industrial-Robotics-Market-Global-Forecast-to-2025.html}",
	year = "Consultado en junio de 2018"
}

@misc{robgraph,
	author = "Statista",
	title = "\url{https://www.statista.com/statistics/760207/worldwide-industrial-robotics-market-revenue/}",
	year = "Consultado en junio de 2018"
}

@misc{rodneybrooks,
	author = "MIT",
	title = "\url{https://people.csail.mit.edu/brooks/}",
	year = "Consultado en junio de 2018"
}

@misc{crgh,
	author = "Cristina María Garrido López",
	title = "\url{https://github.com/cristgl/TFG}",
	year = "Junio de 2018"	
}

@misc{cvrlab,
	author = "CVR Lab",
	title = "\url{http://www.ugr.es/~cvrlab/projects/baxter_conveyor/baxter.html}",
	year = "Junio de 2018"
}

@misc{gazebo,
	author = "Gazebo",
	title = "\url{http://gazebosim.org/tutorials?cat=guided_b&tut=guided_b1}",
	year = "Consultado en mayo de 2018"
}